@techreport{abs4602,
    author   = {{Australian Bureau of Statistics}},
    title    = {Household Water and Energy Use, {V}ictoria: Heating and cooling},
    year     = {2011},
    month    = {October},
    number = {4602.2},
    note = "Retrieved October 6, 2014 from \url{http://www.abs.gov.au/ausstats/abs@.nsf/0/85424ADCCF6E5AE9CA257A670013AF89}"
}

@techreport{teixeira2010survey,
  title={A survey of human-sensing: Methods for detecting presence, count, location, track, and identity},
  author={Teixeira, Thiago and Dublon, Gershon and Savvides, Andreas},
  institution={Embedded Networks and Applications Lab (ENALAB), Yale University},
  year={2010},
  note = "Retrieved October 6, 2014 from \url{http://www.eng.yale.edu/enalab/publications/human_sensing_enalabWIP.pdf}"  
}

@techreport{fisk2006accuracy,
  title={Accuracy of {CO2} sensors in commercial buildings: a pilot study},
  author={Fisk, William J and Faulkner, David and Sullivan, Douglas P},
  institution={Lawrence Berkeley National Laboratory},
  year={2006},
  number = {LBNL-61862},
  note = "Retrieved October 6, 2014 from \url{http://eaei.lbl.gov/sites/all/files/LBNL-61862_0.pdf}"  
}


@article{chan2009smart,
  title={Smart homes - current features and future perspectives},
  author={Chan, Marie and Campo, Eric and Est{\`e}ve, Daniel and Fourniols, Jean-Yves},
  journal={Maturitas},
  volume={64},
  number={2},
  pages={90--97},
  year={2009},
  publisher={Elsevier}
}

@inproceedings{bovet2013offering,
  title={Offering web-of-things connectivity to building networks},
  author={Bovet, G{\'e}r{\^o}me and Hennebert, Jean},
  booktitle={Proceedings of the 2013 ACM conference on Pervasive and ubiquitous computing adjunct publication},
  pages={1555--1564},
  year={2013},
  organization={ACM}
}

@inproceedings{guinard2009towards,
  title={Towards the web of things: Web mashups for embedded devices},
  author={Guinard, Dominique and Trifa, Vlad},
  booktitle={Workshop on Mashups, Enterprise Mashups and Lightweight Composition on the Web (MEM 2009), in proceedings of WWW (International World Wide Web Conferences), Madrid, Spain},
  pages={15},
  year={2009}
}

@incollection{guinard2012search,
  title={In search of an internet of things service architecture: {REST} or {WS-*?} A developersâ€™ perspective},
  author={Guinard, Dominique and Ion, Iulia and Mayer, Simon},
  booktitle={Mobile and Ubiquitous Systems: Computing, Networking, and Services},
  pages={326--337},
  year={2012},
  publisher={Springer}
}

@inproceedings{hnat2012doorjamb,
  title={Doorjamb: unobtrusive room-level tracking of people in homes using doorway sensors},
  author={Hnat, Timothy W and Griffiths, Erin and Dawson, Ray and Whitehouse, Kamin},
  booktitle={Proceedings of the 10th ACM Conference on Embedded Network Sensor Systems},
  pages={309--322},
  year={2012},
  organization={ACM}
}

@inproceedings{kleiminger2013occupancy,
  title={Occupancy detection from electricity consumption data},
  author={Kleiminger, Wilhelm and Beckel, Christian and Staake, Thorsten and Santini, Silvia},
  booktitle={Proceedings of the 5th ACM Workshop on Embedded Systems For Energy-Efficient Buildings},
  pages={1--8},
  year={2013},
  organization={ACM}
}

@inproceedings{kovatsch2013coap,
  title={{CoAP} for the web of things: from tiny resource-constrained devices to the web browser},
  author={Kovatsch, Matthias},
  booktitle={Proceedings of the 2013 ACM conference on Pervasive and ubiquitous computing adjunct publication},
  pages={1495--1504},
  year={2013},
  organization={ACM}
}

@inproceedings{ting2013occupancy,
  title={{P}oster {A}bstract: {O}ccupancy inferencing from non-intrusive data sources},
  author={Ting, Kevin and Yu, Richard and Srivastava, Mani},
  booktitle={Proceedings of the 5th ACM Workshop on Embedded Systems For Energy-Efficient Buildings},
  pages={1--2},
  year={2013},
  organization={ACM}
}

@inproceedings{yang2012multi,
  title={A multi-sensor based occupancy estimation model for supporting demand driven {HVAC} operations},
  author={Yang, Zheng and Li, Nan and Becerik-Gerber, Burcin and Orosz, Michael},
  booktitle={Proceedings of the 2012 Symposium on Simulation for Architecture and Urban Design},
  pages={2},
  year={2012},
  organization={Society for Computer Simulation International}
}

@inproceedings{beltran2013thermosense,
  title={{ThermoSense}: Occupancy Thermal Based Sensing for {HVAC} Control},
  author={Beltran, Alex and Erickson, Varick L and Cerpa, Alberto E},
  booktitle={Proceedings of the 5th ACM Workshop on Embedded Systems For Energy-Efficient Buildings},
  pages={1--8},
  year={2013},
  organization={ACM}
}

@inproceedings{erickson2013thermosense,
  title={Demo Abstract: {ThermoSense}: thermal array sensor networks in building management},
  author={Erickson, Varick L and Beltran, Alex and Winkler, Daniel A and Esfahani, Niloufar P and Lusby, John R and Cerpa, Alberto E},
  booktitle={Proceedings of the 11th ACM Conference on Embedded Networked Sensor Systems},
  pages={87},
  year={2013},
  organization={ACM}
}

@inproceedings{erickson2013toss,
  title={{TOSS}: Thermal Occupancy Sensing System},
  author={Erickson, Varick L and Beltran, Alex and Winkler, Daniel A and Esfahani, Niloufar P and Lusby, John R and Cerpa, Alberto E},
  booktitle={Proceedings of the 5th ACM Workshop on Embedded Systems For Energy-Efficient Buildings},
  pages={1--2},
  year={2013},
  organization={ACM}
}

@inproceedings{kleiminger2013using,
  title={Poster Abstract: Using unlabeled {Wi-Fi} scan data to discover occupancy patterns of private households},
  author={Kleiminger, Wilhelm and Beckel, Christian and Dey, Anind and Santini, Silvia},
  booktitle={Proceedings of the 11th ACM Conference on Embedded Networked Sensor Systems},
  pages={47},
  year={2013},
  organization={ACM}
}

@techreport{kleiminger2013inferring,
  title={Inferring Household Occupancy Patterns from Unlabelled Sensor Data},
  author={Kleiminger, Wilhelm and Beckel, Christian and Dey, Anind and Santini, Silvia},
  institution={ETH Zurich},
  year={2013},
  number={795},
  note = "Retrieved October 6, 2014 from \url{http://eaei.lbl.gov/sites/all/files/LBNL-61862_0.pdf}"  
}

@inproceedings{balaji2013sentinel,
  title={Sentinel: occupancy based {HVAC} actuation using existing {WiFi} infrastructure within commercial buildings},
  author={Balaji, Bharathan and Xu, Jian and Nwokafor, Anthony and Gupta, Rajesh and Agarwal, Yuvraj},
  booktitle={Proceedings of the 11th ACM Conference on Embedded Networked Sensor Systems},
  pages={17},
  year={2013},
  organization={ACM}
}

@inproceedings{hailemariam2011real,
  title={Real-time occupancy detection using decision trees with multiple sensor types},
  author={Hailemariam, Ebenezer and Goldstein, Rhys and Attar, Ramtin and Khan, Azam},
  booktitle={Proceedings of the 2011 Symposium on Simulation for Architecture and Urban Design},
  pages={141--148},
  year={2011},
  organization={Society for Computer Simulation International}
}

@inproceedings{erickson2013poem,
  title={{POEM}: Power-efficient occupancy-based energy management system},
  author={Erickson, Varick L and Achleitner, Stefan and Cerpa, Alberto E},
  booktitle={Proceedings of the 12th international conference on Information processing in sensor networks},
  pages={203--216},
  year={2013},
  organization={ACM}
}

@misc{Ardunio,
  title = {Ardunio},
  key = {Arduino},
  howpublished = {\url{http://arduino.cc/en/Guide/Introduction}},
  note = {Accessed: 2014-08-09}
}

@misc{RPi,
  title = {Raspberry Pi},
  key = {Arduino},
  howpublished = {\url{http://www.raspberrypi.org/}},
  note = {Accessed: 2014-08-09}
}

@inproceedings{erickson2011observe,
  title={{OBSERVE}: Occupancy-based system for efficient reduction of {HVAC} energy},
  author={Erickson, Varick L and Carreira-Perpi{\~n}{\'a}n, Miguel {\'A} and Cerpa, Alberto E},
  booktitle={Information Processing in Sensor Networks (IPSN), 2011 10th International Conference on},
  pages={258--269},
  year={2011},
  organization={IEEE}
}

@inproceedings{scott2011preheat,
  title={{PreHeat}: controlling home heating using occupancy prediction},
  author={Scott, James and Bernheim Brush, AJ and Krumm, John and Meyers, Brian and Hazas, Michael and Hodges, Stephen and Villar, Nicolas},
  booktitle={Proceedings of the 13th international conference on Ubiquitous computing},
  pages={281--290},
  year={2011},
  organization={ACM}
}

@incollection{gupta2009adding,
  title={Adding gps-control to traditional thermostats: An exploration of potential energy savings and design challenges},
  author={Gupta, Manu and Intille, Stephen S and Larson, Kent},
  booktitle={Pervasive Computing},
  pages={95--114},
  year={2009},
  publisher={Springer}
}

@article{atzori2010internet,
  title={The internet of things: A survey},
  author={Atzori, Luigi and Iera, Antonio and Morabito, Giacomo},
  journal={Computer networks},
  volume={54},
  number={15},
  pages={2787--2805},
  year={2010},
  publisher={Elsevier}
}

@article{palattella2013standardized,
  title={Standardized protocol stack for the internet of (important) things},
  author={Palattella, Maria Rita and Accettura, Nicola and Vilajosana, Xavier and Watteyne, Thomas and Grieco, Luigi Alfredo and Boggia, Gennaro and Dohler, Mischa},
  journal={Communications Surveys \& Tutorials, IEEE},
  volume={15},
  number={3},
  pages={1389--1406},
  year={2013},
  publisher={IEEE}
}

@incollection{serrano2013efficient,
  title={Efficient people counting from indoor overhead video camera},
  author={Serrano-Cuerda, Juan and Castillo, Jos{\'e} Carlos and Sokolova, Marina V and Fern{\'a}ndez-Caballero, Antonio},
  booktitle={Trends in Practical Applications of Agents and Multiagent Systems},
  pages={129--137},
  year={2013},
  publisher={Springer}
}

@article{li2012measuring,
  title={Measuring and monitoring occupancy with an {RFID} based system for demand-driven {HVAC} operations},
  author={Li, Nan and Calis, Gulben and Becerik-Gerber, Burcin},
  journal={Automation in construction},
  volume={24},
  pages={89--99},
  year={2012},
  publisher={Elsevier}
}

@incollection{guinard2011internet,
  title={From the internet of things to the web of things: Resource-oriented architecture and best practices},
  author={Guinard, Dominique and Trifa, Vlad and Mattern, Friedemann and Wilde, Erik},
  booktitle={Architecting the Internet of Things},
  pages={97--129},
  year={2011},
  publisher={Springer}
}

@techreport{rfc6550,
  author={Winter, T and Thubert, P and {Cisco Systems} and Brandt, A and others},
  title="{{RPL}: IPv6 Routing Protocol for Low-Power and Lossy Networks}",
  howpublished={Internet Requests for Comments},
  type="{RFC}",
  number=6550,
  year={2012},
  month={March},
  publisher="{Internet Engineering Task Force}",
  institution="{Internet Engineering Task Force}",
  note=''Retrieved October 6, 2014 from \url{http://tools.ietf.org/html/rfc6550}''
}

@book{shelby20116lowpan,
  title={{6LoWPAN}: The wireless embedded Internet},
  author={Shelby, Zach and Bormann, Carsten},
  volume={43},
  year={2011},
  publisher={John Wiley \& Sons}
}